@inproceedings{Banerjee18,
 author     = {Kunal Banerjee and
               Ramanuj Chouksey and
               Chandan Karfa and
               Pankaj Kumar Kalita},
 title      = {Poster: Automatic Detection of Inverse Operations while Avoiding Loop Unrolling},
 booktitle  = {Proceedings of the 40th International Conference on Software Engineering: Companion Proceeedings},
 pages      = {175--176},
 year       = {2018},
 month      = {May},
 publisher  = {ACM},
}

@article{Floyd67,
  title={Assigning meanings to programs},
  author={Floyd, Robert W},
  journal={Mathematical aspects of computer science},
  volume={19},
  number={1},
  pages={19--32},
  year={1967}
}


@inproceedings{Chouksey17,
  author    = {Ramanuj Chouksey and
               Chandan Karfa and
               Purandar Bhaduri},
  title     = {Translation Validation of Loop Invariant Code Optimizations Involving
               False Computations},
  booktitle = {VDAT},
  pages     = {767--778},
  year      = {2017},
}

@book{Gajski92,
 author = {Gajski, Daniel D. and Dutt, Nikil D. and Wu, Allen C.-H. and Lin, Steve Y.-L.},
 title = {High-level Synthesis: Introduction to Chip and System Design},
 year = {1992},
 publisher = {Kluwer Academic Publishers},
}

@article{Kundu10,
  author    = {Sudipta Kundu and
               Sorin Lerner and
               Rajesh K. Gupta},
  title     = {Translation Validation of High-Level Synthesis},
  journal   = {{IEEE} TCAD},
  volume    = {29},
  number    = {4},
  pages     = {566--579},
  year      = {2010},
  publisher=  {IEEE},
  month= {Mar}
}

@inproceedings{KimM08,
	author    = {Youngsik Kim and
	Nazanin Mansouri},
	title     = {Automated formal verification of scheduling with speculative code
	motions},
	booktitle = {Proceedings of the 18th {ACM} Great Lakes Symposium on {VLSI} 2008},
	pages     = {95--100},
	year      = {2008},
	month=		{May},
	publisher = {{ACM}},
}

@inproceedings{KimKM04,
	author    = {Youngsik Kim and
	Shekhar Kopuri and
	Nazanin Mansouri},
	title     = {Automated Formal Verification of Scheduling Process Using Finite State
	Machines with Datapath {(FSMD)}},
	booktitle = {{ISQED}, 2004},
	pages     = {110--115},
	year      = {2004},
	month = {Mar},
	publisher = {{IEEE} Computer Society}
}

@inproceedings{Chi-hui11,
  author    = {Chi{-}Hui Lee and
               Che{-}Hua Shih and
               Juinn{-}Dar Huang and
               Jing{-}Yang Jou},
  title     = {Equivalence checking of scheduling with speculative code transformations
               in high-level synthesis},
  booktitle = {{ASP-DAC}'11},
  pages     = {497--502},
  year      = {2011},
  publisher ={IEEE},
  month = {Jan},
}

@article{Banerjee14,
  author    = {Kunal Banerjee and
               Chandan Karfa and
               Dipankar Sarkar and
               Chittaranjan A. Mandal},
  title     = {Verification of Code Motion Techniques Using Value Propagation},
  journal   = { {IEEE} TCAD},
  volume    = {33},
  number    = {8},
  pages     = {1180--1193},
  year      = {2014},
  month = {Aug}
}
@article{Karfa08,
  author    = {Chandan Karfa and
               Dipankar Sarkar and
               Chitta Mandal and
               P. Kumar},
  title     = {An Equivalence-Checking Method for Scheduling Verification in High-Level
               Synthesis},
  journal   = { {IEEE} TCAD},
  volume    = {27},
  number    = {3},
  pages     = {556--569},
  year      = {2008},
 month = {Mar}
 }

@article{Karfa12,
  author    = {Chandan Karfa and
               Chittaranjan A. Mandal and
               Dipankar Sarkar},
  title     = {Formal verification of code motion techniques using data-flow-driven
               equivalence checking},
  journal   = {{ACM} {TODAES}},
  volume    = {17},
  number    = {3},
  pages     = {30},
  year      = {2012},
 month      = {Jul}
}

@InProceedings{Clarke04CBMC,
author={Clarke, Edmund
and Kroening, Daniel
and Lerda, Flavio},
title={A Tool for Checking ANSI-C Programs},
booktitle={Tools and Algorithms for the Construction and Analysis of Systems},
year={2004},
publisher={Springer},
pages={168--176}
}

@article{Chouksey18, 
author={Ramanuj Chouksey and Chandan Karfa and Purandar Bhaduri}, 
journal={IEEE TCAD, \emph{doi: 10.1109/TCAD.2018.2846654}}, 
title={Translation Validation of Code Motion Transformations Involving Loops}, 
year={2018}, 
doi={10.1109/TCAD.2018.2846654}, 
volume={}, 
number={}, 
pages={}, 
month={},
}

@inproceedings{LiHGLT15,
  author    = {Tun Li and
               Jian Hu and
               Yang Guo and
               Sikun Li and
               QingPing Tan},
  title     = {Equivalence checking of scheduling in high-level synthesis},
  booktitle = {Sixteenth International Symposium on Quality Electronic Design},
  pages     = {257--262},
  year      = {2015},
  publisher = {{IEEE}}
}

@article{Jhala:2009,
	author = {Jhala, Ranjit and Majumdar, Rupak},
	title = {Software Model Checking},
	journal = {ACM Comput. Surv.},
	volume = {41},
	number = {4},
	month = {oct},
	year = {2009},
	pages = {1--54},
	publisher = {ACM},
	address = {New York, NY, USA},

}

@inproceedings{HuLL16,
  author    = {Jian Hu and
               Tun Li and
               Sikun Li},
  title     = {Equivalence checking between {SLM} and {RTL} using machine learning
               techniques},
  booktitle = {{ISQED}, 2016},
  pages     = {129--134},
  year      = {2016},
month={Mar},
  publisher = {{IEEE}},
}
 
